@inproceedings{SchindlerLidyRauber,
    author = {Alexander Schindler and Thomas Lidy and Andreas Rauber},
    year = {2016},
    month = nov,
    title = {Comparing Shallow versus Deep Neural Network Architectures for Automatic Music Genre Classification}
}